@article{ye2015first,
  title={On a First-Order Potential Reduction Algorithm for Linear Programming},
  author={Ye, Yinyu},
  year={2015},
  publisher={Citeseer}
}

@book{ye2011interior,
  title={Interior point algorithms: theory and analysis},
  author={Ye, Yinyu},
  year={2011},
  publisher={John Wiley \& Sons}
}

@article{zhang2022drsom,
  title={DRSOM: A Dimension Reduced Second-Order Method and Preliminary Analyses},
  author={Zhang, Chuwen and Ge, Dongdong and Jiang, Bo and Ye, Yinyu},
  journal={arXiv preprint arXiv:2208.00208},
  year={2022}
}

@techreport{ruiz2001scaling,
  title={A scaling algorithm to equilibrate both rows and columns norms in matrices},
  author={Ruiz, Daniel},
  year={2001},
  institution={CM-P00040415}
}