@article{vandenberghe1999applications,
  title={Applications of semidefinite programming},
  author={Vandenberghe, Lieven and Boyd, Stephen},
  journal={Applied Numerical Mathematics},
  volume={29},
  number={3},
  pages={283--299},
  year={1999},
  publisher={Elsevier}
}

@article{benson2008algorithm,
  title={Algorithm 875: DSDP5—software for semidefinite programming},
  author={Benson, Steven J and Ye, Yinyu},
  journal={ACM Transactions on Mathematical Software (TOMS)},
  volume={34},
  number={3},
  pages={1--20},
  year={2008},
  publisher={ACM New York, NY, USA}
}

@article{xu1996simplified,
  title={A simplified homogeneous and self-dual linear programming algorithm and its implementation},
  author={Xu, Xiaojie and Hung, Pi-Fang and Ye, Yinyu},
  journal={Annals of Operations Research},
  volume={62},
  number={1},
  pages={151--171},
  year={1996},
  publisher={Springer}
}

@techreport{benson2001dsdp3,
  title={DSDP3: dual scaling algorithm for general positive semidefinite programming.},
  author={Benson, Steven J and Ye, Yinyu},
  year={2001},
  institution={Argonne National Lab., IL (US)}
}

@article{potra1998homogeneous,
  title={On homogeneous interrior-point algorithms for semidefinite programming},
  author={Potra, Florian A and Sheng, Rongqin},
  journal={Optimization Methods and Software},
  volume={9},
  number={1-3},
  pages={161--184},
  year={1998},
  publisher={Taylor \& Francis}
}

@article{potra1998superlinearly,
  title={A superlinearly convergent primal-dual infeasible-interior-point algorithm for semidefinite programming},
  author={Potra, Florian A and Sheng, Rongqin},
  journal={SIAM Journal on Optimization},
  volume={8},
  number={4},
  pages={1007--1028},
  year={1998},
  publisher={SIAM}
}

@article{alizadeh1998primal,
  title={Primal-dual interior-point methods for semidefinite programming: convergence rates, stability and numerical results},
  author={Alizadeh, Farid and Haeberly, Jean-Pierre A and Overton, Michael L},
  journal={SIAM Journal on Optimization},
  volume={8},
  number={3},
  pages={746--768},
  year={1998},
  publisher={SIAM}
}

@article{toh1999sdpt3,
  title={SDPT3—a MATLAB software package for semidefinite programming, version 1.3},
  author={Toh, Kim-Chuan and Todd, Michael J and T{\"u}t{\"u}nc{\"u}, Reha H},
  journal={Optimization methods and software},
  volume={11},
  number={1-4},
  pages={545--581},
  year={1999},
  publisher={Taylor \& Francis}
}

@article{borchers1999csdp,
  title={CSDP, AC library for semidefinite programming},
  author={Borchers, Brian},
  journal={Optimization methods and Software},
  volume={11},
  number={1-4},
  pages={613--623},
  year={1999},
  publisher={Taylor \& Francis}
}

@article{yamashita2003implementation,
  title={Implementation and evaluation of SDPA 6.0 (semidefinite programming algorithm 6.0)},
  author={Yamashita, Makoto and Fujisawa, Katsuki and Kojima, Masakazu},
  journal={Optimization Methods and Software},
  volume={18},
  number={4},
  pages={491--505},
  year={2003},
  publisher={Taylor \& Francis}
}

@article{aps2019mosek,
  title={Mosek optimization toolbox for matlab},
  author={ApS, Mosek},
  journal={User’s Guide and Reference Manual, Version},
  volume={4},
  year={2019},
  publisher={MOSEK}
}

@book{wolkowicz2012handbook,
  title={Handbook of semidefinite programming: theory, algorithms, and applications},
  author={Wolkowicz, Henry and Saigal, Romesh and Vandenberghe, Lieven},
  volume={27},
  year={2012},
  publisher={Springer Science \& Business Media}
}

@article{laurent2005semidefinite,
  title={Semidefinite programming and integer programming},
  author={Laurent, Monique and Rendl, Franz},
  journal={Handbooks in Operations Research and Management Science},
  volume={12},
  pages={393--514},
  year={2005},
  publisher={Elsevier}
}

@article{goemans1995improved,
  title={Improved approximation algorithms for maximum cut and satisfiability problems using semidefinite programming},
  author={Goemans, Michel X and Williamson, David P},
  journal={Journal of the ACM (JACM)},
  volume={42},
  number={6},
  pages={1115--1145},
  year={1995},
  publisher={ACM New York, NY, USA}
}

@article{sturm1999using,
  title={Using SeDuMi 1.02, a MATLAB toolbox for optimization over symmetric cones},
  author={Sturm, Jos F},
  journal={Optimization methods and software},
  volume={11},
  number={1-4},
  pages={625--653},
  year={1999},
  publisher={Taylor \& Francis}
}

@article{vandenberghe1996semidefinite,
  title={Semidefinite programming},
  author={Vandenberghe, Lieven and Boyd, Stephen},
  journal={SIAM review},
  volume={38},
  number={1},
  pages={49--95},
  year={1996},
  publisher={SIAM}
}

@article{fujisawa1997exploiting,
  title={Exploiting sparsity in primal-dual interior-point methods for semidefinite programming},
  author={Fujisawa, Katsuki and Kojima, Masakazu and Nakata, Kazuhide},
  journal={Mathematical Programming},
  volume={79},
  number={1},
  pages={235--253},
  year={1997},
  publisher={Springer}
}

@article{borchers1999sdplib,
  title={SDPLIB 1.2, a library of semidefinite programming test problems},
  author={Borchers, Brian},
  journal={Optimization Methods and Software},
  volume={11},
  number={1-4},
  pages={683--690},
  year={1999},
  publisher={Taylor \& Francis}
}